
@book{cite:book:2000:day-2007-pna,
    author          = {Day, John},
    title           = {Patterns in Network Architecture},
    titleaddon      = {A Return to Fundamentals},
    publisher       = {Pearson Education},
    isdn            = {978-0-132-25242-3},
    date            = {2007-12}
}

@inproceedings{cite:inproceedings:1970:metcalf-1972-acm,
    author          = {Metcalf, Robert M.},
    title           = {Strategies for Operating Systems in Computer Networks},
    crossref        = {cite:proceedings:1970:acm-1972-v1},
    pages           = {278-281}
}

@proceedings{cite:proceedings:1970:acm-1972-v1,
    title           = {1972 ACM Annual Conference},
    year            = 1972,
    publisher       = {ACM}
}

