@book{cite:book:2000:day-2007-pna,
    author          = {Day, John},
    title           = {Patterns in Network Architecture},
    titleaddon      = {A Return to Fundamentals},
    publisher       = {Pearson Education},
    isdn            = {978-0-132-25242-3 },
    date            = {2007-12}
}

